13600000         207453543000103433923              0110370000000952796 MOTTA E ETCHEPARE LTDA ME     UNICRED FLORIANOPOLIS                   10310201711553000072508501600                                                                     
13600011C2041044 207453543000103433923              0110370000000952796 MOTTA E ETCHEPARE LTDA ME                                             RUA TENENTE SILVEIRA          00315               FLORIANOPOLIS       88010301SC01                
1360001300001A0230180010326400000000093866 JOAO BAYER                    20                  03102017BRL000000000000000000000001335154                    00000000000000000000000                                        01          0          
1360001300002B   100063260107991RUA FREI CANECA               00100BLOCO A        AGRONOMICA     FLORIANOPOLIS       88025000SC03102017000000001335154000000000000000000000000000000000000000000000000000000000000               0              
13600015         000004000000000001335154000000000000000000000000                                                                                                                                                                               
13699999         000001000006000000                                                                                                                                                                                                             
