13600000         207453543000103433923              0110370000000952796 MOTTA E ETCHEPARE LTDA ME     UNICRED FLORIANOPOLIS                   10108201709420100023508501600                                                                     
13600011C2003044 207453543000103433923              0110370000000952796 MOTTA E ETCHEPARE LTDA ME                                             RUA TENENTE SILVEIRA          00315               FLORIANOPOLIS       88010301SC01                
1360001300001A0230183330023430000000032442 THIAGO SILVA                  10                  16082017BRL000000000000000000000000002234                    00000000000000000000000                                        01          0          
1360001300002B   100006916162996RUA SANTO ANTONIO             00123               BARREIROS      SAO JOSE            88117351SC16082017000000000002234000000000000000000000000000000000000000000000000000000000000               0              
13600015         000004000000000000002234000000000000000000000000                                                                                                                                                                               
13699999         000001000006000000                                                                                                                                                                                                             
