13600000         207453543000103433923              0110370000000952796 MOTTA E ETCHEPARE LTDA ME     UNICRED FLORIANOPOLIS                   10108201713152900023708501600                                                                     
13600011C2003044 207453543000103433923              0110370000000952796 MOTTA E ETCHEPARE LTDA ME                                             RUA TENENTE SILVEIRA          00315               FLORIANOPOLIS       88010301SC01                
1360001300001A0230181360011030000000947083 CARLOS AUGUSTO AMORIM DA MOTTA11                  01082017BRL000000000000000000000000014550                    00000000000000000000000                                        01          0          
1360001300002B   100000419980903AVENIDA TROMPOWSKY            00172ENDERECO COMERCCENTRO         FLORIANOPOLIS       88015300SC01082017000000000014550000000000000000000000000000000000000000000000000000000000000               0              
13600015         000004000000000000014550000000000000000000000000                                                                                                                                                                               
13699999         000001000006000000                                                                                                                                                                                                             
