02RETORNO01COBRANCA       11037   952796000000MOTTA E ETCHEPARE LTDA ME     136UNICREDDOBRASIL130919000008300000080009087                                                                                                                                                                                                                                                                                 000001
1020745354300010311037   9527960000008000908700000000004150864           01     01   0190000000000000000001802                                    10092400000000700000000000000      0000000                                       00000000000000000000000000000000000000000000000000000000415086                000000000000000      06                                                                  000002
1020745354300010311037   9527960000008000908700000000004197992           01     01   0190000000000000000001802                                    16091900000000100000000000000      0000000                                       00000000000000000000000000000000000000000000000000000000419799                000000000000000      01                                                                  000003
1020745354300010311037   9527960000008000908700000000004198018           01     01   0190000000000000000001802                                    16111900000000100000000000000      0000000                                       00000000000000000000000000000000000000000000000000000000419801                000000000000000      01                                                                  000004
1020745354300010311037   9527960000008000908700000000004198000           01     01   0190000000000000000001802                                    16101900000000100000000000000      0000000                                       00000000000000000000000000000000000000000000000000000000419800                000000000000000      01                                                                  000005
1020745354300010311037   9527960000008000908700000000004199812           01     01   0190000000000000000001802                                    25091900000001277450000000000      0000000                                       00000000000000000000000000000000000000000000000000000000419981                000000000000000      01                                                                  000006
1020745354300010311037   9527960000008000908700000000004198034           01     01   0190000000000000000001802                                    16012000000000100000000000000      0000000                                       00000000000000000000000000000000000000000000000000000000419803                000000000000000      01                                                                  000007
1020745354300010311037   9527960000008000908700000000004199820           01     01   0190000000000000000001802                                    25101900000001277450000000000      0000000                                       00000000000000000000000000000000000000000000000000000000419982                000000000000000      01                                                                  000008
1020745354300010311037   9527960000008000908700000000004199855           01     01   0190000000000000000001802                                    25012000000001277450000000000      0000000                                       00000000000000000000000000000000000000000000000000000000419985                000000000000000      01                                                                  000009
1020745354300010311037   9527960000008000908700000000004199863           01     01   0190000000000000000001802                                    25022000000001277450000000000      0000000                                       00000000000000000000000000000000000000000000000000000000419986                000000000000000      01                                                                  000010
1020745354300010311037   9527960000008000908700000000004199871           01     01   0190000000000000000001802                                    25032000000001277450000000000      0000000                                       00000000000000000000000000000000000000000000000000000000419987                000000000000000      01                                                                  000011
1020745354300010311037   9527960000008000908700000000004199880           01     01   0190000000000000000001802                                    25042000000005000000000000000      0000000                                       00000000000000000000000000000000000000000000000000000000419988                000000000000000      01                                                                  000012
1020745354300010311037   9527960000008000908700000000004198026           01     01   0190000000000000000001802                                    16121900000000100000000000000      0000000                                       00000000000000000000000000000000000000000000000000000000419802                000000000000000      01                                                                  000013
1020745354300010311037   9527960000008000908700000000004198042           01     01   0190000000000000000001802                                    16022000000000100000000000000      0000000                                       00000000000000000000000000000000000000000000000000000000419804                000000000000000      01                                                                  000014
1020745354300010311037   9527960000008000908700000000004199804           01     01   0190000000000000000001802                                    16091900000002554900000000000      0000000                                       00000000000000000000000000000000000000000000000000000000419980                000000000000000      01                                                                  000015
1020745354300010311037   9527960000008000908700000000004199839           01     01   0190000000000000000001802                                    25111900000001277450000000000      0000000                                       00000000000000000000000000000000000000000000000000000000419983                000000000000000      01                                                                  000016
1020745354300010311037   9527960000008000908700000000004199847           01     01   0190000000000000000001802                                    25121900000001277450000000000      0000000                                       00000000000000000000000000000000000000000000000000000000419984                000000000000000      01                                                                  000017
9                                                                                                                                                                                                                                                                                                                                                                                                         000018